@online{WikipediaDecisionTrees,
	author = {Wikipedia},
	title = {Decision Tree Learning},
	year = {2016},
	note = {Available at \url{https://en.wikipedia.org/wiki/Decision_tree_learning}},
	url = {https://en.wikipedia.org/wiki/Decision_tree_learning},
	urldate = {2016-07-15}
}

@online{MultilayerPerceptron,
	author = {Abdelrahman Elogeel},
	title = {Multilayer Perceptron},
	year = {2016},
	note = {Available at \url{https://elogeel.wordpress.com/2010/05/05/multilayer-perceptron}},
	url = {https://elogeel.wordpress.com/2010/05/05/multilayer-perceptron/},
	urldate = {2016-07-26}
}

@online{WEKAJavaDocAttribute,
	author = {University of Waikato},
	title = "Java documentation of {WEKA}",
	year = {2016},
	note = {Available at \url{http://weka.sourceforge.net/doc.dev/weka/core/Attribute.html}},
	url = {http://weka.sourceforge.net/doc.dev/weka/core/Attribute.html},
	urldate = {2016-07-22}
}

@online{SBBOpenData,
	author = {SBB AG},
	title = "S{B}{B} {Open} {Data}",
	year = {2016},
	note = {Available at \url{http://www.sbb.ch/sbb-konzern/ueber-die-sbb/zahlen-und-fakten/open-data.html}},
	url = {http://www.sbb.ch/sbb-konzern/ueber-die-sbb/zahlen-und-fakten/open-data.html},
	urldate = {2016-08-12}
}

@online{WikipediaSupervisedLearning,
	author = {Wikipedia},
	title = {Supervised Learning},
	year = {2016},
	note = {Available at \url{https://en.wikipedia.org/wiki/Supervised_learning#Other_factors_to_consider}},
	url = {https://en.wikipedia.org/wiki/Supervised_learning#Other_factors_to_consider},
	urldate = {2016-08-16}
}

@misc{MachineLearningTUMunich,
	Author = {Alex Graves},
	Institution = {Technische Universität München},
	Howpublished = {University Lecture},
	Year = {2009},
	Title = {Machine Learning, Sequence Learning Introduction}
}

@book{DataMining,
	author = {Ian H. Witten, Eibe Frank, Mark A.Hall},
	title = {Data Mining - Practical Machine Learning Tools and Techniques},
	date = {date},
	edition = {3rd},
	year = {2011},
	publisher = {Elsevier Inc.}
}

@article{RelatedWorkDataAnalysis,
	author = {Mohammad Sajjad Ghaemi; Bruno Agard; Vahid Partovi Nia; Martin Tr\'epanier},
	title = {Challenges in Spatial-Temporal Data Analysis Targeting Public Transport},
	journal = {IFAC},
	year = {2015}
}

@article{RelatedWorkTemporalPatterns,
	author = {Stefan Foell; Gerd Kortuem; Reza Rawassizadeh; Santi Phithakkithukoon; Marco Veloso and Carlos Bento},
	title = {Mining temporal patterns of transport behaviour for predicting future transport usage},
	journal = {ACM conference on Pervasive and ubiquitous computing adjunct publication},
	year = {2013}
}
